@book{mcnotes,
  author    = {Dr Adam M. Johansen}, 
  title     = {ST407 Monte Carlo Methods},
  year      = 2019,
  volume    = 4,
  note      = {Accompanying lecture notes to ST407 Monte Carlo Methods}
}


@book{intro_processes,
  author    = {Lothar Breuer}, 
  title     = {Introduction to Stochastic Processes},
  note      = {Lecture Notes, University of Kent}
}

